@article{diggle2010geostatistical,
	title={Geostatistical inference under preferential sampling},
	author={Diggle, Peter J and Menezes, Raquel and Su, Ting-li},
	journal={Journal of the Royal Statistical Society: Series C (Applied Statistics)},
	volume={59},
	number={2},
	pages={191--232},
	year={2010},
	publisher={Wiley Online Library}
}
